<?xml version="1.0" encoding="UTF-8"?><collection xmlns="http://www.loc.gov/MARC21/slim"><record><leader>00338nam--2200121-i-4500</leader><controlfield tag="001">000028192</controlfield><controlfield tag="002">20161230</controlfield><controlfield tag="005">20161230201037</controlfield><controlfield tag="008">060222s1000------------r-----000-0-eng-d</controlfield><datafield ind1=" " ind2=" " tag="100"><subfield code="a">Leide, G.And Fiesen, S.V</subfield></datafield><datafield ind1=" " ind2=" " tag="245"><subfield code="a">A realise mechanism for cosmic-ray-balloon experiments</subfield></datafield><datafield ind1=" " ind2=" " tag="260"><subfield code="a">Stockholm, Almqvist &amp; Wiksell, 1953, 3p</subfield></datafield><datafield ind1=" " ind2=" " tag="852"><subfield code="a">6559</subfield></datafield></record></collection>